<record><leader>00000cas a2200000 a 4500</leader><controlfield tag="001">33247219</controlfield><controlfield tag="008">951004d19581974azuwr ne      0    0eng d</controlfield><datafield ind1=" " ind2=" " tag="010"><subfield code="a">sn 95060592 </subfield></datafield><datafield ind1=" " ind2=" " tag="040"><subfield code="a">ANN</subfield><subfield code="b">eng</subfield><subfield code="c">ANN</subfield><subfield code="d">OCLCQ</subfield><subfield code="d">OCLCF</subfield><subfield code="d">OCLCO</subfield></datafield><datafield ind1=" " ind2=" " tag="042"><subfield code="a">msc</subfield></datafield><datafield ind1=" " ind2=" " tag="043"><subfield code="a">n-us-az</subfield></datafield><datafield ind1="0" ind2="0" tag="245"><subfield code="a">White Mountain roundup.</subfield></datafield><datafield ind1=" " ind2=" " tag="260"><subfield code="a">Springerville, Apache County, Ariz. :</subfield><subfield code="b">Byron D. Box,</subfield><subfield code="c">1958-1974.</subfield></datafield><datafield ind1=" " ind2=" " tag="300"><subfield code="a">v.</subfield></datafield><datafield ind1=" " ind2=" " tag="310"><subfield code="a">Weekly</subfield></datafield><datafield ind1="0" ind2=" " tag="362"><subfield code="a">Vol. 1, no. 1 (Jan. 3, 1958)-v. 17, no. 34 (Mar. 29, 1974).</subfield></datafield><datafield ind1=" " ind2=" " tag="500"><subfield code="a">Univ. of Ariz. Journalism ed., April 12, 1963.</subfield></datafield><datafield ind1=" " ind2="0" tag="651"><subfield code="a">Springerville (Ariz.)</subfield><subfield code="v">Newspapers.</subfield></datafield><datafield ind1=" " ind2="0" tag="651"><subfield code="a">Apache County (Ariz.)</subfield><subfield code="v">Newspapers.</subfield></datafield><datafield ind1=" " ind2="7" tag="655"><subfield code="a">Newspapers.</subfield><subfield code="2">fast</subfield><subfield code="0">(OCoLC)fst01423814</subfield></datafield><datafield ind1=" " ind2="7" tag="651"><subfield code="a">Arizona</subfield><subfield code="z">Apache County.</subfield><subfield code="2">fast</subfield><subfield code="0">(OCoLC)fst01217372</subfield></datafield><datafield ind1=" " ind2="7" tag="651"><subfield code="a">Arizona</subfield><subfield code="z">Springerville.</subfield><subfield code="2">fast</subfield><subfield code="0">(OCoLC)fst01226553</subfield></datafield><datafield ind1=" " ind2=" " tag="752"><subfield code="a">United States</subfield><subfield code="b">Arizona</subfield><subfield code="c">Apache</subfield><subfield code="d">Springerville.</subfield></datafield><datafield ind1="0" ind2="0" tag="785"><subfield code="t">White Mountain independent and continuing the Apache County independent-news - White Mountain roundup - White Mountain eagle (Springerville, Ariz. : Round Valley ed.)</subfield><subfield code="w">(DLC)sn 95060594</subfield></datafield></record>